<?xml version="1.0" encoding="UTF-8"?><record xmlns="http://www.loc.gov/MARC21/slim" xmlns:cinclude="http://apache.org/cocoon/include/1.0" xmlns:zs="http://www.loc.gov/zing/srw/">
  <leader>00769cz  a2200169n  4500</leader>
  <controlfield tag="001">no2008043480</controlfield>
  <controlfield tag="003">DLC</controlfield>
  <controlfield tag="005">20120817083119.0</controlfield>
  <controlfield tag="008">080320n| acannaabn          |a aaa     c</controlfield>
  <datafield tag="010" ind1=" " ind2=" ">
    <subfield code="a">no2008043480</subfield>
  </datafield>
  <datafield tag="035" ind1=" " ind2=" ">
    <subfield code="a">(OCoLC)oca07709795</subfield>
  </datafield>
  <datafield tag="040" ind1=" " ind2=" ">
    <subfield code="a">ICU</subfield>
    <subfield code="b">eng</subfield>
    <subfield code="c">ICU</subfield>
    <subfield code="d">DLC</subfield>
  </datafield>
  <datafield tag="100" ind1="0" ind2=" ">
    <subfield code="a">Symeon,</subfield>
    <subfield code="c">the New Theologian, Saint,</subfield>
    <subfield code="d">949-1022.</subfield>
    <subfield code="t">Kephalaia praktika kai theologika.</subfield>
    <subfield code="l">Russian</subfield>
  </datafield>
  <datafield tag="400" ind1="0" ind2=" ">
    <subfield code="a">Symeon,</subfield>
    <subfield code="c">the New Theologian, Saint,</subfield>
    <subfield code="d">949-1022.</subfield>
    <subfield code="t">Asketicheskie sochinenii︠a︡ v novykh perevodakh</subfield>
  </datafield>
  <datafield tag="400" ind1="0" ind2=" ">
    <subfield code="a">Symeon,</subfield>
    <subfield code="c">the New Theologian, Saint,</subfield>
    <subfield code="d">949-1022.</subfield>
    <subfield code="t">Glavy bogoslovskie, umozritelʹnye i prakticheskie</subfield>
  </datafield>
  <datafield tag="667" ind1=" " ind2=" ">
    <subfield code="a">THIS 1XX FIELD CANNOT BE USED UNDER RDA UNTIL THIS RECORD HAS BEEN REVIEWED AND/OR UPDATED</subfield>
  </datafield>
  <datafield tag="670" ind1=" " ind2=" ">
    <subfield code="a">Asketicheskie sochinenii︠a︡ v novykh perevodakh, 2007.</subfield>
  </datafield>
</record>